@article
{,
	author = "",
	title = "",
	journal = "",
	volume = {},
	pages = {},
	year = ""
}

@article
{Alder1959,
	author = "B. J. Alder and T. E. Wainwright",
	title = "Studies in {M}olecular {D}ynamics. {I}. {G}eneral {M}ethod",
	journal = "The Journal of Chemical Physics",
	volume = {31},
	pages = {459--466},
	year = "1959"
}

@article
{Okumura2008,
	author = "H. Okumura and Y. Okamoto",
	title = "Temperature and {P}ressure {D}ependence of {A}lanine {D}ipeptide {S}tudied by {M}ultibaric-{M}ultithermal {M}olecular {D}ynamics {S}imulations",
	journal = "Journal of Chemical Physics B",
	volume = {112},
	pages = {12038--12049},
	year = "2008"
}

@article
{Cleri1993,
	author = "F. Cleri and V. Rosato",
	title = "Tight-binding potentials for transition metals and alloys",
	journal = "Physical Review B",
	volume = {48},
	pages = {22--33},
	year = "1993"
}

@article
{Nose1984,
	author = "S. Nose",
	title = "A unified formulation of the constant temperature molecular-dynamics methods",
	journal = "Journal of Chemical Physics",
	volume = {81},
	pages = {511--519},
	year = "1984"
}

@article
{Hoover1985,
	author = "W.G. Hoover",
	title = "Canonical dynamics: {E}quilibrium phase-space distributions",
	journal = "Physical Review A",
	volume = {31},
	pages = {1695--1697},
	year = "1985"
}

@misc{OkumuraNotes,
    author = "H. Okumura",
    title = "Introduction to {B}iomolecular {S}imulation",
    howpublished = "Lecture notes"
}

@misc{watercycle,
  title = "The Water Cycle",
  author = "United States Geological Survey",
  howpublished = {\url{http://ga.water.usgs.gov/edu/watercycle.html}}
}